<record><leader>00000cas a22000007a 4500</leader><controlfield tag="001">26296671</controlfield><controlfield tag="008">920731d196219uunmuwr ne      0    0eng d</controlfield><controlfield tag="009">15302</controlfield><datafield ind1=" " ind2=" " tag="010"><subfield code="a">sn 92070467 </subfield></datafield><datafield ind1=" " ind2=" " tag="040"><subfield code="a">NVM</subfield><subfield code="b">eng</subfield><subfield code="c">NVM</subfield><subfield code="d">OCLCQ</subfield></datafield><datafield ind1="1" ind2=" " tag="029"><subfield code="a">AU@</subfield><subfield code="b">000020720530</subfield></datafield><datafield ind1=" " ind2=" " tag="042"><subfield code="a">msc</subfield></datafield><datafield ind1=" " ind2=" " tag="043"><subfield code="a">n-us-nm</subfield></datafield><datafield ind1="0" ind2="0" tag="245"><subfield code="a">Grants-Milan news.</subfield></datafield><datafield ind1="3" ind2="0" tag="246"><subfield code="a">Grants Milan news</subfield></datafield><datafield ind1=" " ind2=" " tag="260"><subfield code="a">Grants-Milan, N.M. :</subfield><subfield code="b">Grants-Milan Pub. Co. Inc.</subfield></datafield><datafield ind1=" " ind2=" " tag="300"><subfield code="a">v.</subfield></datafield><datafield ind1=" " ind2=" " tag="310"><subfield code="a">Weekly</subfield></datafield><datafield ind1="0" ind2=" " tag="362"><subfield code="a">Vol. 1, no. 1 (May 11, 1962)-</subfield></datafield><datafield ind1=" " ind2=" " tag="530"><subfield code="a">Also on microfilm: Albuquerque, N.M. : University of New Mexico Library.</subfield></datafield><datafield ind1=" " ind2="4" tag="651"><subfield code="a">Grants (N.M.)</subfield><subfield code="v">Newspapers.</subfield></datafield><datafield ind1=" " ind2="4" tag="651"><subfield code="a">Valencia County (N.M.)</subfield><subfield code="v">Newspapers.</subfield></datafield><datafield ind1=" " ind2=" " tag="752"><subfield code="a">United States</subfield><subfield code="b">New Mexico</subfield><subfield code="c">Cibola</subfield><subfield code="d">Grants.</subfield></datafield><datafield ind1=" " ind2=" " tag="752"><subfield code="a">United States</subfield><subfield code="b">New Mexico</subfield><subfield code="c">Valencia</subfield><subfield code="d">Grants.</subfield></datafield></record>